<record><leader>00000cas a2200000 a 4500</leader><controlfield tag="001">12835178</controlfield><controlfield tag="008">851122d189u1926ksuwr ne      0    0eng d</controlfield><datafield ind1=" " ind2=" " tag="010"><subfield code="a">sn 85066349 </subfield></datafield><datafield ind1=" " ind2=" " tag="040"><subfield code="a">KSH</subfield><subfield code="b">eng</subfield><subfield code="c">KSH</subfield><subfield code="d">NPT</subfield><subfield code="d">OCL</subfield><subfield code="d">OCLCQ</subfield></datafield><datafield ind1=" " ind2=" " tag="042"><subfield code="a">msc</subfield></datafield><datafield ind1="0" ind2="0" tag="245"><subfield code="a">Washington palladium.</subfield></datafield><datafield ind1="1" ind2="3" tag="246"><subfield code="a">Washington County palladium</subfield><subfield code="f">Apr. 28, 1922-Jan. 11, 1924</subfield></datafield><datafield ind1=" " ind2=" " tag="260"><subfield code="a">Washington, Kan. :</subfield><subfield code="b">[s.n.],</subfield><subfield code="c">-1926.</subfield></datafield><datafield ind1=" " ind2=" " tag="300"><subfield code="a">v. :</subfield><subfield code="b">ill. ;</subfield><subfield code="c">65 cm.</subfield></datafield><datafield ind1=" " ind2=" " tag="310"><subfield code="a">Weekly</subfield></datafield><datafield ind1="0" ind2=" " tag="362"><subfield code="a">-v. 30, no. 22 (Feb. 26, 1926).</subfield></datafield><datafield ind1=" " ind2=" " tag="500"><subfield code="a">Published by: Samuel Clarke, July 1, 1899-Sept. 4, 1925; O.L. Clarke, Sept. 11, 1925-Feb. 26, 1926.</subfield></datafield><datafield ind1=" " ind2=" " tag="500"><subfield code="a">Democratic.</subfield></datafield><datafield ind1=" " ind2=" " tag="525"><subfield code="a">Supplements included.</subfield></datafield><datafield ind1=" " ind2=" " tag="588"><subfield code="a">Description based on: Vol. 3, no. 14 (Nov. 27, 1897).</subfield></datafield><datafield ind1=" " ind2=" " tag="752"><subfield code="a">United States</subfield><subfield code="b">Kansas</subfield><subfield code="c">Washington</subfield><subfield code="d">Washington.</subfield></datafield><datafield ind1="0" ind2="0" tag="780"><subfield code="t">Palladium (Washington, Kan.)</subfield><subfield code="w">(DLC)sn 85066348</subfield></datafield><datafield ind1="0" ind2="7" tag="785"><subfield code="t">Republican-register</subfield><subfield code="w">(DLC)sn 85066338</subfield></datafield><datafield ind1="0" ind2="7" tag="785"><subfield code="t">Washington County register (Washington, Kan. : 1926)</subfield><subfield code="w">(DLC)sn 85066339</subfield></datafield><datafield ind1="1" ind2=" " tag="029"><subfield code="a">AU@</subfield><subfield code="b">000022169142</subfield></datafield></record>